@inproceedings{embedded_LED_Matrix,
	author = {Cristina Marghescu and Andrei Drumea},
	title = {{Embedded systems for controlling LED matrix displays}},
	volume = {10010},
	booktitle = {Advanced Topics in Optoelectronics, Microelectronics, and Nanotechnologies VIII},
	editor = {Marian Vladescu and Cornel T. Panait and Razvan Tamas and George Caruntu and Ionica Cristea},
	organization = {International Society for Optics and Photonics},
	publisher = {SPIE},
	pages = {100101E},
	keywords = { LED matrix display, embedded systems},
	year = {2016},
	doi = {10.1117/12.2246108},
	URL = {https://doi.org/10.1117/12.2246108}
}

@INPROCEEDINGS{communication_protocols,
	author={Varghese, Susan G and Kurian, Ciji Pearl and George, V.I},
	booktitle={2015 International Conference on Renewable Energy Research and Applications (ICRERA)}, 
	title={A study of communication protocols and wireless networking systems for lighting control application}, 
	year={2015},
	volume={},
	number={},
	pages={1301-1306},
	doi={10.1109/ICRERA.2015.7418618}}
