@misc{cover,
	title = {Cover},
	howpublished = {\url{https://www.festivalpro.com/articles/1755.png}},
	note = {Abgerufen: 2022-10-07},
}

@misc{banner,
	title = {Banner},
	howpublished = {\url{https://torange.biz/photofxnew/207/HD/polygonal-red-metal-texture-led-207754.jpg}},
	note = {Abgerufen: 2022-10-07},
}

@misc{rpi,
	title = {Raspberry Pi},
	howpublished = {\url{https://www.newark.com/productimages/large/en_US/02AH3161-40.jpg}},
	note = {Abgerufen: 2022-10-07},
}

@misc{led_matrix,
	title = {Led Matrix},
	howpublished = {\url{https://i0.wp.com/www.arduiner.com/wp-content/uploads/2017/06/14643-2-Pezzi-32x32-Pannello-RGB-P5-Matrice-LED.jpg}},
	note = {Abgerufen: 2022-10-07},
}

@misc{rpi_hat,
	title = {Rasbperry Pi Hat},
	howpublished = {\url{https://cdn-reichelt.de/bilder/web/artikel_ws/A300/DAC2PROXLR-1.jpg}},
	note = {Abgerufen: 2022-10-07},
}

@misc{led_matrix_lightshow,
	title = {Led Matrix Beispiel},
	howpublished = {\url{https://www.djmag.de/fileadmin/Redaktion/_processed_/e/a/csm_AirbeatOne_2022_Mainstage5_88cca20828.jpeg}},
	note = {Abgerufen: 2022-10-07},
}

@misc{dmx_demo,
	title = {Dmx Protokoll Demo},
	howpublished = {\url{https://www.malighting.com/fileadmin/_processed_/6/4/csm_ESC-2013-web2_905f7506c4.jpg}},
	note = {Abgerufen: 2022-10-07},
}

@misc{dmx_cable,
title = {Dmx Cable},
howpublished = {\url{https://images.musicstore.de/images/0960/lightmaxx-dmx-kabel-1-5m-3-pol-xlr_1_LIG0003092-000.jpg}},
note = {Abgerufen: 2022-10-16},
}

@misc{dmx_timing,
	title = {Dmx Timing Demo},
	howpublished = {\url{https://wiki.production-partner.de/app/uploads/2018/07/DMX512-Timing.png}},
	note = {Abgerufen: 2022-10-07},
}

@misc{led-matrix-example,
	title = {Led Matrix Beispiel},
	howpublished = {\url{https://cdn.shopify.com/s/files/1/0174/1800/products/1484-02.jpg}},
	note = {Abgerufen: 2022-10-07},
}

@misc{problemstellung,
	title = {Problemstellung},
	howpublished = {\url{https://t4.ftcdn.net/jpg/02/49/32/05/360_F_249320598_XKo1J2rHvL9QlgsHjF6PJ0fiVhLkHI5f.jpg}},
	note = {Abgerufen: 2022-10-07},
}

@misc{fragen,
	title = {Fragen},
	howpublished = {\url{https://josefstal.de/wp-content/uploads/2020/09/oder.jpg}},
	note = {Abgerufen: 2022-10-07},
}
