@misc{DALI-2_certification,
	Author	= {DALI Alliance},
	Month	= {Nov.},
	Year 	= {2017},
	Title	= {Changes to IEC 62386 enablingDALI-2 certification},
	Url		= {https://www.dali-alliance.org/data/downloadables/3/3/2/diia-pwgtw021b_changes-to-iec-62386-enabling-dali-2.pdf},
	note = {Aufgerufen am 21-03-2023}
}

@article{DALI_Handbuch,
	Author	= {Tridonic},
	Month	= {Mar.},
	Year 	= {2020},
	Title	= {Changes to IEC 62386 enablingDALI-2 certification},
	Url		= {https://www.tridonic.com/com/de/download/technical/DALI-Handbuch_de.pdf},
	note = {Aufgerufen am 21-03-2023}
}

@article{DALI-Lichtmanagement,
	Author	= {H. DÃ¶hling, Heidelberg},
	Month	= {Jan.},
	Year 	= {2002},
	Title	= {DALI-Lichtmanagement},
	Url		= {https://www.elektropraktiker.de/ep-2002-01-38-41.pdf?eID=tx_mspdamlinks&dlid=57984&hash=bfc5adb4e67a730481ac07eb8a412063},
	note = {Aufgerufen am 21-03-2023}
}

@article{DMX101-Handbook,
	Author	= {Elation Professional},
	Month	= {May.},
	Year 	= {2008},
	Title	= {DMX 101: A DMX 512 HANDBOOK},
	Url		= {https://sitelec.org/download.php?filename=themes/dmx/dmx101_handbook.pdf},
	note = {Aufgerufen am 21-03-2023}
}

@article{DMX512-Protocol-Implementation,
	Author	= {NXP Semiconductor},
	Month	= {Sep.},
	Year 	= {2006},
	Title	= {DMX512 Protocol Implementation Using MC9S08GT60 8-Bit MCU},
	Url		= {https://www.nxp.com/docs/en/application-note/AN3315.pdf},
	note = {Aufgerufen am 21-03-2023}
}

@article{DMX512-Protocol-Standard,
	Author	= {ESTA: Entertainment Services and Technology Association},
	Year	= {2008},
	Title	= {USITT DMX512-A Asynchronous Serial Digital Data Transmission Standard for Controlling Lighting Equipment and Accessories},
	Url		= {https://tsp.esta.org/tsp/documents/docs/ANSI-ESTA_E1-11_2008R2018.pdf},
	note = {Aufgerufen am 21-03-2023}
}

@article{DMX_Wiring,
	Author	= {eldoLED},
	Year	= {2020},
	Title	= {How to wire DMX/RDM lighting systems},
	Url		= {https://www.soliled.com/wp-content/uploads/2020/06/Learning-Center_Application-note_How-to-wire-DMX-lighting-systems.pdf},
	note = {Aufgerufen am 21-03-2023}
}

@article{MIDI-DETAILED-SPECIFICATION,
	Author	= {The MIDI Manufacturers Association},
	Month	= {Feb.},
	Year	= {1996},
	Title	= {MIDI 1.0 Detailed Specification},
	Url		= {https://www.midi.org/specifications/m1-v4-2-1-midi-1-0-detailed-specification-96-1-4/download},
	note = {Aufgerufen am 21-03-2023}
}

@article{MIDI-Visual-Control,
	Author	= {The MIDI Manufacturers Association},
	Month	= {Feb.},
	Year	= {2011},
	Title	= {MIDI Visual Control Specification},
	Url		= {https://www.midi.org/specifications/midi-visual-control/download},
	note = {Aufgerufen am 21-03-2023}
}

@article{MIDI-Complete-SPECIFICATION,
	Author	= {The MIDI Manufacturers Association},
	Month	= {Apr.},
	Year	= {2006},
	Title	= {The Complete MIDI 1.0 Detailed Specification},
	Url		= {http://www.shclemen.com/download/The%20Complete%20MIDI1.0%20Detailed%20Spec.pdf},
	note = {Aufgerufen am 21-03-2023}
}

@article{ZigbeeSpecification,
	Author	= {zigbee alliance},
	Month	= {Apr.},
	Year	= {2017},
	Title	= {zigbee Specification},
	Url		= {https://csa-iot.org/wp-content/uploads/2022/01/docs-05-3474-22-0csg-zigbee-specification-1.pdf},
	note = {Aufgerufen am 21-03-2023}
}

@article{GettingStartedWithZigBee,
	Author	= {Daintree Networks},
	Month	= {Feb.},
	Year	= {2008},
	Title	= {Getting Started with ZigBee and IEEE 802.15.4},
	Url		= {https://www.science.smith.edu/~jcardell/Courses/EGR328/Readings/Zigbee%20GettingStarted.pdf},
	note = {Aufgerufen am 21-03-2023}
}
